@ARTICLE{gem2,
   AUTHOR= {Menchero, Jose and Morozov, Andrei and Shepard, Peter},
   TITLE= "The Barra Global Equity Model (GEM2)",
   JOURNAL= {MSCI Barra Research Notes},
     MONTH= {Sept.},
   YEAR= {2008}
}

@ARTICLE{brinson:gary,
   AUTHOR= {Brinson, Gary and Hood, Ranholph and Beebower, Gilbert},
   TITLE= {Determinants of Portfolio Performance},
   JOURNAL= {Financial Analysts Journal},
   VOLUME= {42},
   NUMBER= {4},
   PAGES= {39--44},
   MONTH= {Jul.--Aug.},
   YEAR= {1986},
URL= {http://www.jstor.org/stable/4478947}
}

@ARTICLE{garytwo,
   AUTHOR= {Brinson, Gary and Singer, Brian and Beebower, Gilbert},
   TITLE= {Determinants of Portfolio Performance II: An Update},
   JOURNAL= {Financial Analysts Journal},
   VOLUME= {47},
   NUMBER= {3},
   PAGES= {40--48},
   MONTH= {May--Jun.},
   YEAR= {1991},
   URL= {http://www.jstor.org/stable/4479432}
}

@ARTICLE{menchero:jose,
   AUTHOR= {Menchero, Jose and Morozov, Andrei},
   TITLE= {Decomposing Global Equity Cross-Sectional Volatility},
   JOURNAL= {Financial Analysts Journal},
   VOLUME= {67},
   NUMBER= {5},
   PAGES= {58--68},
   MONTH= {Sept.--Oct.},
   YEAR= {2011},
   URL= {http://www.cfapubs.org/doi/pdf/10.2469/faj.v67.n5.1}
}